@article{fivelistcoloring2,
  doi = {10.48550/ARXIV.1505.05927},
  
  author = {Postle, Luke and Thomas, Robin},
  
  keywords = {Combinatorics (math.CO), Discrete Mathematics (cs.DM), FOS: Mathematics, FOS: Mathematics, FOS: Computer and information sciences, FOS: Computer and information sciences},
  
  title = {Five-list-coloring graphs on surfaces II. A linear bound for critical graphs in a disk},
  
  publisher = {arXiv},
  
  year = {2015},
  
  copyright = {arXiv.org perpetual, non-exclusive license}
}

@phdthesis{postlethesis,
    title    = {5-list-coloring graphs on surfaces},
    school   = {Georgia Institute of Technology},
    author   = {Postle, Luke},
    year     = {2012} 
}

@article{fivelistcoloring1,
  doi = {10.48550/ARXIV.1402.1813},
 
  
  author = {Postle, Luke and Thomas, Robin},
  
  keywords = {Combinatorics (math.CO), Discrete Mathematics (cs.DM), FOS: Mathematics, FOS: Mathematics, FOS: Computer and information sciences, FOS: Computer and information sciences},
  
  title = {Five-list-coloring graphs on surfaces I. Two lists of size two in planar graphs},
  
  publisher = {arXiv},
  
  year = {2014},
  
  copyright = {arXiv.org perpetual, non-exclusive license}
}

@article{crossingsfarapart,
	doi = {10.1016/j.jctb.2016.11.004},
 
  
	year = 2017,
	month = {mar},
  
	publisher = {Elsevier BV},
  
	volume = {123},
  
	pages = {54--96},
  
	author = {Zden{\v{e}}k Dvo{\v{r}}{\'{a}}k and Bernard Lidick{\'{y}} and Bojan Mohar},
  
	title = {5-choosability of graphs with crossings far apart},
  
	journal = {Journal of Combinatorial Theory, Series B}
}


@article{dvoraknullstellensatz,
	url = {https://iuuk.mff.cuni.cz/~rakdver/kgiii/lesson14-8.pdf},
	
	author = {Dvorak, Z.},
	
	title = {Lesson on List Coloring}

}

@article{onlistcritical,
title = {On list critical graphs},
journal = {Discrete Mathematics},
volume = {309},
number = {15},
pages = {4931-4941},
year = {2009},
note = {Cycles and Colourings},
issn = {0012-365X},
doi = {https://doi.org/10.1016/j.disc.2008.05.021},
author = {Michael Stiebitz and Zsolt Tuza and Margit Voigt},
keywords = {List coloring, Critical graph},
abstract = {}
}

@article{thomassentorus,
title = {Five-Coloring Graphs on the Torus},
journal = {Journal of Combinatorial Theory, Series B},
volume = {62},
number = {1},
pages = {11-33},
year = {1994},
issn = {0095-8956},
doi = {https://doi.org/10.1006/jctb.1994.1052},
author = {C. Thomassen},
abstract = {We prove that a graph on the torus is 5-colorable, unless it contains either K6 the complete graph on six vertices, or C3 + C5, the join of two cycles of lengths three and five, respectively, or K2 + H7, the join of K2 and the graph H7 on seven vertices obtained by applying Hajos′ construction to two copies of K4, or a triangulation T11 with 11 vertices of the torus. This answers questions of Albertson, Hutchinson, Stromquist, and Straight.}
}

@article{heawoodmapcolour,
title = {Map colour theorem},
journal = {Quarterly Journal of Mathematics},
volume = {24},
pages = {332-338},
year = {1890},
author = {P. J. Heawood}
}

@article{thomassenplanargraphchoosable,
title = {Every Planar Graph Is 5-Choosable},
journal = {Journal of Combinatorial Theory, Series B},
volume = {62},
number = {1},
pages = {180-181},
year = {1994},
issn = {0095-8956},
doi = {https://doi.org/10.1006/jctb.1994.1062},
author = {C. Thomassen},
abstract = {We prove the statement of the title, which was conjectured in 1975 by V. G. Vizing and, independently, in 1979 by P. Erdös, A. L. Rubin, and H Taylor.}
}

@article{hutchinson2012outerplanar,
title = {On list-coloring extendable outerplanar graphs},
journal = {ARS MATHEMATICA CONTEMPORANEA},
volume = {5},
number = {1},
pages = {175-188},
year = {2012},
author = {J. P. Hutchinson}
}

@book{diestel,
  title     = "Graph theory",
  author    = "R. Diestel",
  year      = 2000,
  publisher = "Springer-Verlag"
}

@article{thomassenexponentiallymany5listcolorings,
title = {Exponentially many 5-list-colorings of planar graphs},
journal = {Journal of Combinatorial Theory, Series B},
volume = {97},
number = {4},
pages = {571-583},
year = {2007},
issn = {0095-8956},
doi = {https://doi.org/10.1016/j.jctb.2006.09.002},
author = {Carsten Thomassen},
keywords = {List colorings},
abstract = {We prove that every planar graph with n vertices has at least 2n/9 distinct list-colorings provided every vertex has at least five available colors.}
}

@article{fivelistcoloring3,
title = {Five-list-coloring graphs on surfaces III. One list of size one and one list of size two},
journal = {Journal of Combinatorial Theory, Series B},
volume = {128},
pages = {1-16},
year = {2018},
issn = {0095-8956},
doi = {https://doi.org/10.1016/j.jctb.2017.06.004},
author = {Luke Postle and Robin Thomas},
keywords = {Graph, List-coloring, Planar graph}
}
\\
@article{dvorakdistantprecoloredvertices,
	doi = {10.1016/j.jctb.2016.06.006},
  
	year = 2017,
	month = {jan},
  
	publisher = {Elsevier {BV}},
  
	volume = {122},
  
	pages = {311--352},
  
	author = {Zden{\v{e}}k Dvo{\v{r}}{\'{a}}k and Bernard Lidick{\'{y}} and Bojan Mohar and Luke Postle},
  
	title = {5-list-coloring planar graphs with distant precolored vertices},
  
	journal = {Journal of Combinatorial Theory, Series B}
}

@article{thomassenfixedsurface,
title = {Color-Critical Graphs on a Fixed Surface},
journal = {Journal of Combinatorial Theory, Series B},
volume = {70},
number = {1},
pages = {67-100},
year = {1997},
issn = {0095-8956},
doi = {https://doi.org/10.1006/jctb.1996.1722},
author = {Carsten Thomassen}
}
@article{thomassentilings,
 issn = {00029947},
 author = {Carsten Thomassen},
 journal = {Transactions of the American Mathematical Society},
 number = {2},
 pages = {605--635},
 publisher = {American Mathematical Society},
 title = {Tilings of the Torus and the Klein Bottle and Vertex-Transitive Graphs on a Fixed Surface},
 volume = {323},
 year = {1991}
}
@article{gallaikritische,
 author = {T. Gallai},
 journal = {Publ. Math. Inst. Hungar. Acad. Sci.},
 number = {8},
 pages = {165–192, 373-395},
 title = {Kritische Graphen I, II},
 year = {1963}
}

@article{alontarsi,
  title={Colorings and orientations of graphs},
  author={Alon, Noga and Tarsi, Michael},
  journal={Combinatorica},
  volume={12},
  pages={125--134},
  year={1992},
  publisher={Springer}
}

@article{alonnullstellensatz,
  title={Combinatorial nullstellensatz},
  author={Alon, Noga},
  journal={Combinatorics, Probability and Computing},
  volume={8},
  number={1-2},
  pages={7--29},
  year={1999},
  publisher={Cambridge University Press}
}

@article{dvorakefficientalontarsi,
      title={An efficient implementation and a strengthening of Alon-Tarsi list coloring method}, 
      author={Zdeněk Dvořák},
      year={2023},
      eprint={2301.06571},
      archivePrefix={arXiv},
      primaryClass={cs.DM}
}

@book{graphsonsurfaces,
  title={Graphs on Surfaces},
  author={Mohar, B. and Thomassen, C.},
  isbn={9780801866890},
  lccn={lc00048799},
  year={2001},
  publisher={Johns Hopkins University Press}
}

@article{4ct1,
author = {K. Appel and W. Haken},
title = {{Every planar map is four colorable. Part I: Discharging}},
volume = {21},
journal = {Illinois Journal of Mathematics},
number = {3},
publisher = {Duke University Press},
pages = {429 -- 490},
year = {1977},
doi = {10.1215/ijm/1256049011},
URL = {https://doi.org/10.1215/ijm/1256049011}
}
@article{4ct2,
author = {K. Appel and W. Haken and J. Koch},
title = {{Every planar map is four colorable. Part II: Reducibility}},
volume = {21},
journal = {Illinois Journal of Mathematics},
number = {3},
publisher = {Duke University Press},
pages = {491 -- 567},
year = {1977},
doi = {10.1215/ijm/1256049012},
URL = {https://doi.org/10.1215/ijm/1256049012}
}

@article{ringelyoungs,
author = {Gerhard Ringel  and J. W. T. Youngs },
title = {Solution of The Heawood Map-Coloring Problem},
journal = {Proceedings of the National Academy of Sciences},
volume = {60},
number = {2},
pages = {438-445},
year = {1968},
doi = {10.1073/pnas.60.2.438},
URL = {https://www.pnas.org/doi/abs/10.1073/pnas.60.2.438},
eprint = {https://www.pnas.org/doi/pdf/10.1073/pnas.60.2.438}}

@article{diracalbertsonhutchinson,
author = {Albertson, Michael and Hutchinson, Joan},
year = {2006},
month = {12},
pages = {7 - 17},
title = {The three excluded cases of Dirac's map-color theorem},
volume = {319},
journal = {Annals of the New York Academy of Sciences},
doi = {10.1111/j.1749-6632.1979.tb32768.x}
}

@article{fisk,
title = {The nonexistence of colorings},
journal = {Journal of Combinatorial Theory, Series B},
volume = {24},
number = {2},
pages = {247-248},
year = {1978},
issn = {0095-8956},
doi = {https://doi.org/10.1016/0095-8956(78)90028-X},
author = {Steve Fisk}
}

@Article{eppstein,
   author = {{David} {Eppstein}},
   title = {Subgraph Isomorphism in Planar Graphs and Related Problems},
   journal = {Journal of Graph Algorithms and Applications},
   year = {1999},
   volume = {3},
   number = {3},
   pages = {1--27},
   doi = {10.7155/jgaa.00014}
} 

@article{3colorabilitynpcomplete,
title = {Some simplified NP-complete graph problems},
journal = {Theoretical Computer Science},
volume = {1},
number = {3},
pages = {237-267},
year = {1976},
issn = {0304-3975},
doi = {https://doi.org/10.1016/0304-3975(76)90059-1},
author = {M.R. Garey and D.S. Johnson and L. Stockmeyer}

}

@article{vizinglistcoloring,
  title={Vertex colorings with given colors},
  author={Vizing, Vadim G},
  journal={Diskret. Analiz},
  volume={29},
  pages={3--10},
  year={1976}
}
@inproceedings{erdoschoosability,
  title={Choosability in graphs},
  author={Erdos, Paul and Rubin, Arthur L and Taylor, Herbert},
  booktitle={Proc. West Coast Conf. on Combinatorics, Graph Theory and Computing, Congressus Numerantium},
  volume={26},
  pages={125--157},
  year={1979}
}

@article{voigt1993,
  title={List colourings of planar graphs},
  author={Voigt, Margit},
  journal={Discrete Mathematics},
  volume={120},
  number={1-3},
  pages={215--219},
  year={1993},
  publisher={Elsevier}
}

@article{kralclique,
  title={The last excluded case of Dirac's map-color theorem for choosability},
  author={Kr{\'a}l', Daniel and Skrekovski, Riste},
  journal={Journal of Graph Theory},
  volume={51},
  number={4},
  pages={319--354},
  year={2006},
  publisher={Wiley Online Library}
}





